@article{siddon,
Author = {R. L. Siddon},
Title = {Fast calculation of the exact radiological path for a three-dimensional {CT} array},
Journal = {Med.Phys.},
Volume = {12},
Issue= {2},
Pages = {252-255},
Year = {1985}
}

@article{siddon-improved,
Author = {F. Jacobs and E. Sundermann and B. D. Sutter and M. Christiaens and I.Lemahieu},
Title = {A fast algorithm to calculate the exact radiological path through a pixel or voxel space},
Journal = {CIT},
Volume = {6},
Year = {1998},
Pages = {89-94}
}

@article{siddon-improved-2,
Author = {G. Han and Z. Liang and J. You},
Title = {A fast ray-tracing technique for {TCT} and {ECT} studies},
doi = {10.1109/NSSMIC.1999.842846},
Journal = {{IEEE Nuclear Science Symposium}, Proceedings},
Year = {1999}
}

@article{GPU_accelerated,
Author = {M. de Greef and J. Crezee and J. C. van Eijk and R. Pool and A. Bel},
Title = {Accelerated ray tracing for radiotherapy dose calculations on a GPU},
Journal = {Med.Phys.},
Volume = {36},
Year = {2009},
Pages = {4095-4102}
}

@article{first,
Author = {J. L. Herraiz and S. Espana and J. J. Vaquero and M. Desco and J. M. Udias},
Title = {{FIRST}: Fast Iterative reconstruction Software for {PET} tomography},
Journal = {Phys.Med.Biol.},
Volume = {51},
Year = {2006},
Pages = {4547 - 4565}
}

@article{first_gpu,
Author = {J. L. Herraiz and S. Espana and J. J. Vaquero and M. Desco and J. M. Udias},
Title = {{GPU}-based Fast Iterative Reconstruction of Fully 3-d {PET} Sinograms},
Journal = {IEEE Trans. Nucl. Sci.},
Volume = {58},
Year = {2011},
Pages = {2257 - 2263}
}

@article{plos,
Author = {L. Xie and others},
Title = {An effective {CUDA} parallelization of projection in iterative tomography reconstruction},
Journal = {{PLoS ONE}},
Volume = {10 (11)},
Year = {2014}
}

@article{gpu_impl_siddon_improved,
Author = {V.-G. Nguyen and J. Jeong and S.-J. Lee},
Title = {{GPU}-accelerated iterative {3D CT} reconstruction using exact ray-tracing method for both projection and backprojection},
Journal = {IEEE Nuclear Science Symposium and Medical Imaginging Conference, Proceedings},
doi = {10.1109/NSSMIC.2013.6829349},
Year = {2013}
}

@article{fast-xray,
Author = {H. Gao},
Title = {Fast parallel algorithms for the x-ray transform and its adjoint},
Journal = {Med.Phys.},
Volume = {39},
Year = {2012},
Pages = {7110 - 7120},
note = {\url{https://sites.google.com/site/fastxraytransform/}}
}

@article{thread-opt,
Author = {D. Mitra and H. Pan and F. Alhassen and Y. Seo},
Title = {Parallelization of Iterative Reconstruction Algorithms in multiple modalities},
Journal = {IEEE Nucl.Sci.Symp.Conf.Rec},
Year = {2014},
doi = {10.1109/NSSMIC.2014.7430944}
}